<?xml version="1.0" encoding="UTF-8"?><collection xmlns="http://www.loc.gov/MARC21/slim"><record><leader>00449nam--2200169-i-4500</leader><controlfield tag="001">000021706</controlfield><controlfield tag="002">20161230</controlfield><controlfield tag="005">20170122234224</controlfield><controlfield tag="008">060222s1000------------r-----000-0-eng-d</controlfield><datafield ind1=" " ind2=" " tag="245"><subfield code="a">Unit processes in organic synthesis</subfield></datafield><datafield ind1=" " ind2=" " tag="250"><subfield code="a">5-th edition</subfield></datafield><datafield ind1=" " ind2=" " tag="260"><subfield code="a">New York</subfield><subfield code="b">Mcgraw-Hill</subfield><subfield code="c">1958</subfield></datafield><datafield ind1=" " ind2=" " tag="300"><subfield code="a">X+1070 p</subfield></datafield><datafield ind1=" " ind2=" " tag="490"><subfield code="a">Mcgraw-Hill Series In Chemical Engineering</subfield></datafield><datafield ind1=" " ind2=" " tag="700"><subfield code="a">Groggins, P. H</subfield></datafield><datafield ind1=" " ind2=" " tag="852"><subfield code="a">14782</subfield></datafield><datafield ind1=" " ind2=" " tag="CAT"><subfield code="a">SYS</subfield><subfield code="c">20170122</subfield><subfield code="h">234224</subfield></datafield></record></collection>